<?xml version="1.0" encoding="UTF-8"?>
<collection xmlns="http://www.loc.gov/MARC21/slim">
 <record>
  <leader>03333cam a2200445Ia 4500</leader>
  <controlfield tag="001">8354420</controlfield>
  <controlfield tag="005">20110325144800.0</controlfield>
  <controlfield tag="006">m        d        </controlfield>
  <controlfield tag="007">cr |||||||||||</controlfield>
  <controlfield tag="008">110325s2009    iluab   ob    001 0 eng  </controlfield>
  <datafield tag="020" ind1=" " ind2=" ">
   <subfield code="a">1885923619 (alk. paper)</subfield>
  </datafield>
  <datafield tag="020" ind1=" " ind2=" ">
   <subfield code="a">9781885923615 (alk. paper)</subfield>
  </datafield>
  <datafield tag="035" ind1=" " ind2=" ">
   <subfield code="a">(OCoLC)708654156</subfield>
  </datafield>
  <datafield tag="035" ind1=" " ind2=" ">
   <subfield code="a">8354420</subfield>
  </datafield>
  <datafield tag="040" ind1=" " ind2=" ">
   <subfield code="a">CGU</subfield>
   <subfield code="c">CGU</subfield>
  </datafield>
  <datafield tag="043" ind1=" " ind2=" ">
   <subfield code="a">aw-----</subfield>
  </datafield>
  <datafield tag="049" ind1=" " ind2=" ">
   <subfield code="a">CGUA</subfield>
  </datafield>
  <datafield tag="050" ind1="0" ind2="0">
   <subfield code="a">GN635.N42</subfield>
   <subfield code="b">N66 2009</subfield>
  </datafield>
  <datafield tag="245" ind1="0" ind2="0">
   <subfield code="a">Nomads, tribes, and the state in the ancient Near East</subfield>
   <subfield code="h">[electronic resource] :</subfield>
   <subfield code="b">cross-discipilinary perspectives /</subfield>
   <subfield code="c">edited by Jeffrey Szuchman.</subfield>
  </datafield>
  <datafield tag="260" ind1=" " ind2=" ">
   <subfield code="a">Chicago, IL :</subfield>
   <subfield code="b">Oriental Institute of the University of Chicago,</subfield>
   <subfield code="c">2009.</subfield>
  </datafield>
  <datafield tag="300" ind1=" " ind2=" ">
   <subfield code="a">1 online resource (xv, 288 p. :</subfield>
   <subfield code="b">ill., maps)</subfield>
  </datafield>
  <datafield tag="490" ind1="1" ind2=" ">
   <subfield code="a">Oriental Institute seminars ;</subfield>
   <subfield code="v">no. 5</subfield>
  </datafield>
  <datafield tag="504" ind1=" " ind2=" ">
   <subfield code="a">Includes bibliographical references and index.</subfield>
  </datafield>
  <datafield tag="505" ind1="0" ind2=" ">
   <subfield code="a">1. Integrating approaches to nomads, tribes, and the state in the ancient Near East / Jeffrey Szuchman -- 2. The archaeology of pastoral nomads between the Nile and the Red Sea / Hans Barnard -- 3. Egypt and the vanishing Libyan : institutional responses to a nomadic people / Robert Ritner -- 4. History does not repeat itself : cyclicity and particularism in nomad-sedentary relations inthe Negev in the long term / Steven A. Rosen -- 5. Pitching camp : ethnoarchaeological investigations of inhabited tent camps in the Wadi Hisma, Jordan / Benjamin Adam Saidel -- 6. Tribal societies in the nineteenth century : a model / Eveline van der Steen -- 7. Specific characteristics of chalcolithic and Bronze Age pastoralism in the Near East / Anatoly M. Khazanov -- 8. Prehistoric mobile pastoralists in south-central and southwestern Iran / Abbas Alizadeh -- 9. Pastoral nomads and Iron Age metal production in ancient Edom / Thomas E. Levy -- 10. Who lived in the third-millennium &quot;round cities&quot; of northern Syria? / Bertille Lyonnet -- 11. Beyond dimorphism : ideologies and materialities of kinship aas time-space distanciation / Anne Porter -- 12. Kinship of city and tribe conjoined : Zimri-Lim at Mari / Daniel E. Fleming -- 13. From pastoral peasantry to tribal urbanites : Arab tribes and the foundation of the Islamic state in Syria / Donald Whitcomb -- 14. Pastoral mobility as an adaptation / Frank Hole.</subfield>
  </datafield>
  <datafield tag="650" ind1=" " ind2="0">
   <subfield code="a">Nomads</subfield>
   <subfield code="z">Middle East.</subfield>
  </datafield>
  <datafield tag="650" ind1=" " ind2="0">
   <subfield code="a">Pastoral systems</subfield>
   <subfield code="z">Middle East.</subfield>
  </datafield>
  <datafield tag="651" ind1=" " ind2="0">
   <subfield code="a">Middle East</subfield>
   <subfield code="x">Antiquities.</subfield>
  </datafield>
  <datafield tag="655" ind1=" " ind2="7">
   <subfield code="a">Chicago (Ill., 2008)</subfield>
   <subfield code="2">swd</subfield>
  </datafield>
  <datafield tag="655" ind1=" " ind2="7">
   <subfield code="a">Kongress.</subfield>
   <subfield code="2">swd</subfield>
  </datafield>
  <datafield tag="650" ind1=" " ind2="7">
   <subfield code="a">Antiquities.</subfield>
   <subfield code="2">fast</subfield>
   <subfield code="0">http://id.worldcat.org/fast/fst00810745</subfield>
  </datafield>
  <datafield tag="650" ind1=" " ind2="7">
   <subfield code="a">Nomads.</subfield>
   <subfield code="2">fast</subfield>
   <subfield code="0">http://id.worldcat.org/fast/fst01038439</subfield>
  </datafield>
  <datafield tag="650" ind1=" " ind2="7">
   <subfield code="a">Pastoral systems.</subfield>
   <subfield code="2">fast</subfield>
   <subfield code="0">http://id.worldcat.org/fast/fst01054688</subfield>
  </datafield>
  <datafield tag="651" ind1=" " ind2="7">
   <subfield code="a">Middle East.</subfield>
   <subfield code="2">fast</subfield>
   <subfield code="0">http://id.worldcat.org/fast/fst01241586</subfield>
  </datafield>
  <datafield tag="650" ind1="0" ind2="7">
   <subfield code="a">Nomadismus.</subfield>
   <subfield code="2">swd</subfield>
  </datafield>
  <datafield tag="651" ind1=" " ind2="7">
   <subfield code="a">Alter Orient.</subfield>
   <subfield code="2">swd</subfield>
  </datafield>
  <datafield tag="700" ind1="1" ind2=" ">
   <subfield code="a">Szuchman, Jeffrey.</subfield>
  </datafield>
  <datafield tag="776" ind1="0" ind2="8">
   <subfield code="i">Print version:</subfield>
   <subfield code="t">Nomads, tribes, and the state in the ancient Near East.</subfield>
   <subfield code="d">Chicago, IL : Oriental Institute of the University of Chicago, 2009</subfield>
   <subfield code="z">9781885923615</subfield>
   <subfield code="w">(DLC) 2008943404</subfield>
   <subfield code="w">(OCoLC)313657539</subfield>
   <subfield code="w">(ICU)7632093</subfield>
  </datafield>
  <datafield tag="830" ind1=" " ind2="0">
   <subfield code="a">University of Chicago Oriental Institute seminars ;</subfield>
   <subfield code="v">no. 5.</subfield>
  </datafield>
  <datafield tag="856" ind1="4" ind2="0">
   <subfield code="u">http://bibpurl.oclc.org/web/42199</subfield>
  </datafield>
  <datafield tag="928" ind1=" " ind2=" ">
   <subfield code="u">http://bibpurl.oclc.org/web/42199</subfield>
   <subfield code="c">FullText</subfield>
   <subfield code="l">Online</subfield>
   <subfield code="t">LCC</subfield>
   <subfield code="a">GN635.N42N66 2009</subfield>
  </datafield>
 </record>
</collection>
